<!DOCTYPE html PUBLIC "-//W3C//DTD XHTML 1.0 Strict//EN" "http://www.w3.org/TR/xhtml1/DTD/xhtml1-strict.dtd">
<html xmlns="http://www.w3.org/1999/xhtml">
<head>
<meta http-equiv="content-type" content="text/html; charset=utf-8" />
<title>Kosmetika ir higiena | kosmetika</title>
<meta name="keywords" content="Kosmetika ir higiena" />
<meta name="description" content="Kosmetika ir higiena" />
<link href="style.css" rel="stylesheet" type="text/css" media="screen" />


</head>
<body id="zkcg3M6E6DdZt">
<div id="header">
	<div id="menu">
		<ul>
			<li class="current_page_item"><a href="index.html">Homepage</a></li>
			<li id="hhCrcQLXOrw"><a href="privacy-policy.html">Privacy policy</a></li>
			<li id="apsWCcAB6ncJ"><a href="terms.html">Terms and Conditions</a></li>
			<li id="xXpPecLBxTGqc"><a href="photo.html">Photo gallery</a></li>
			<li id="ZSL7y5dazw"><a href="contact.html">Contacts</a></li>
		</ul>
	</div>
	<!-- end #menu -->
	<div id="logo">
		<h1>kosmetika</h1>
	</div>
	<hr />
</div>
<!-- end #header -->
<!-- end #header-wrapper -->
<!-- end #logo -->
<div id="page">
	<div id="page-bgtop">
		<div id="page-bgbtm">
			<div id="content">
				<div class="post"  id="KuFX6JEqj4">
					<p class="meta"  id="iPtfqxK4OTGbCv"><span class="date">2020.10.28 07:58</span> Posted by <a href="#">Someone</a></p>
					<h2 class="title"><a href="#">Kosmetika ir higiena</a></h2>
					<div class="entry" id="WDMYRhrQth">
					<hr><br><br>
			<iframe width="560" height="315" src="https://www.youtube.com/embed/SKmMakuZuQs" frameborder="0" allow="accelerometer; autoplay; encrypted-media; gyroscope; picture-in-picture" allowfullscreen></iframe>
						<span> Informuojame, kad šioje svetainėje yra naudojami slapukai (angl. cookies). Toliau naršydami svetainėje arba paspausdami mygtuką Sutinku Jūs sutinkate su slapukų naudojimu. Savo duotą sutikimą bet kada galėsite atšaukti pakeisdami savo interneto naršyklės nustatymus ir ištrindami įrašytus slapukus. Daugiau informacijos apie slapukus galite rasti čia . </span> Sutinku Keisti apskritį <span> Parsisiųskite</span> Lietuvių English Русский Registruotis Prisijungti Prisijungti Registruotis <p> Sveiki, ačiū, kad vėl pas mus užsukote!</p> <p> Caps Lock yra įjungtas<p> (8 5) 230 9309 Prekės Mano prekės Akcijos Eko ir ūkis Naujienos Receptai Daržovės ir vaisiai Pieno gaminiai ir kiaušiniai Duonos gaminiai ir konditerija Mėsa, žuvys ir kulinarija Bakalėja Šaldytas maistas Gėrimai Kūdikių ir vaikų prekės Kosmetika ir higiena Švaros ir gyvūnų prekės Namai ir laisvalaikis <span> Pagrindinis puslapis </span> <span> Kosmetika ir higiena </span> (8 5) 230 9309 Kasdien nuo 8 iki 21 val. El. p.: pagalba@barbora.lt <h1> Kosmetika ir higiena</h1> <h3> Popieriniai gaminiai </h3> Tualetinis popierius Popieriniai rankšluosčiai Popierinės nosinaitės <h3> Burnos higienos priemonės </h3> Dantų šepetėliai Dantų pastos Burnos skalavimo skysčiai Dantų siūlai ir krapštukai Dantų protezų priežiūra <h3> Kūno priežiūros priemonės </h3> Gabalinis tualetinis muilas Skystas tualetinis muilas Dušo želė Vonios putos ir druska Kūno odos priežiūros priemonės Drėgnosios servetėlės <h3> Rankų ir pėdų odos priežiūros priemonės </h3> Rankų odos priežiūros priemonės Pėdų odos priežiūros priemonės Manikiūro ir pedikiūro reikmenys <h3> Plaukų priežiūros priemonės </h3> Plaukų šampūnai Sausi plaukų šampūnai Plaukų balzamai Plaukų kaukės, serumai ir aliejus Šukuosenos formavimo priemonės Plaukų lakas Plaukų dažai Šukos ir šepečiai <h3> Veido priežiūros priemonės </h3> Makiažo valikliai ir veido prausikliai Veido kremai Naktiniai veido kremai Veido serumai ir paakių kremai Veido kaukės Lūpų priežiūros priemonės Kosmetinė vata ir krapštukai <h3> Dekoratyvinė kosmetika </h3> Blakstienų tušai Makiažo pagrindai, pudros ir maskuokliai Akių ir antakių pieštukai Lūpų dažai <h3> Skutimosi prekės </h3> Skutimosi putos ir želė Losjonai ir kremai po skutimosi Skustuvai ir skutimosi peiliukai Depiliacinės priemonės <h3> Intymios higienos prekės </h3> Higieniniai įklotai Higieniniai paketai Tamponai Įklotai nelaikantiems šlapimo Intymios higienos prausikliai ir servetėlės Menstruacinės taurelės <h3> Dezodorantai </h3> Purškiamieji dezodorantai moterims Purškiamieji dezodorantai vyrams Rutuliniai ir pieštukiniai dezodorantai moterims Rutuliniai ir pieštukiniai dezodorantai vyrams Pieštukiniai dezodorantai moterims Pieštukiniai dezodorantai vyrams <h3> Medicinos prekės </h3> Pleistrai Dezinfekcijos priemonės Prezervatyvai Kitos medicininės prekės <h3> Kojinės ir pėdkelnės </h3> Moteriškos kojinės Vyriškos kojinės Pėdkelnės Vaikiškos pėdkelnės <h3> AROM&#193;MA </h3> Aromaterapiniai gaminiai Eteriniai aliejai Eterinių aliejų mišiniai Augaliniai aliejai ir sviestas Gėlių vanduo <h3> Urban Earth Lovers </h3> Natūralus grožis Higiena be plastiko 1 2 3 4 5 ... Rūšiuoti pagal: Populiarumą Prekės ženklą Kainą (didėj.) Kainą (mažėj.) <span> Tualetinis popierius ZEWA DELUXE WHITE (3 sluoksnių), 8 vnt.</span> <span> €3,89 </span> €0,49/vnt. Tualetinis popierius ZEWA DELUXE WHITE (3 sluoksnių), 8 vnt. <span> KARTU REKOMENDUOJAME</span> <span> </span> <span> Popieriniai rankšluosčiai ZEWA JUMBO (2 sl.), 1 vnt.</span> <span> €3,28 </span> €3,28/vnt. Popieriniai rankšluosčiai ZEWA JUMBO (2 sl.), 1 vnt. <span> KARTU REKOMENDUOJAME</span> <span> </span> <span> Dantų pasta SENSODYNE (DEEP CLEAN), 75 ml</span> <span> €4,29 </span> €57,20/l Dantų pasta SENSODYNE (DEEP CLEAN), 75 ml <span> KARTU REKOMENDUOJAME</span> <span> </span> <span> Dantų pasta LACALUT AKTIV, 75 ml</span> <span> €3,85 </span> €51,33/l Dantų pasta LACALUT AKTIV, 75 ml <span> KARTU REKOMENDUOJAME</span> <span> </span> <span> Rankų dezinfekantas AROMAMA, 50 ml</span> €3,00 <span> €1,99 </span> €39,80/l Rankų dezinfekantas AROMAMA, 50 ml <span> KARTU REKOMENDUOJAME</span> <span> </span> <span> Skystas muilas MARGARITA ECO, 400 ml</span> <span> €3,99 </span> €9,98/l Skystas muilas MARGARITA ECO, 400 ml <span> KARTU REKOMENDUOJAME</span> <span> </span> <span> Dušo želė MARGARITA ECO, 400 ml</span> <span> €3,99 </span> €9,98/l Dušo želė MARGARITA ECO, 400 ml <span> KARTU REKOMENDUOJAME</span> <span> </span> <span> Popierinės nosinaitės GRITE BLOSSOM MINT, 10 vnt.</span> <span> €0,10 </span> €0,01/vnt. Popierinės nosinaitės GRITE BLOSSOM MINT, 10 vnt. <span> KARTU REKOMENDUOJAME</span> <span> </span> <span> Skustuvo galvutės GILLETTE MACH 3, 4 vnt.</span> <span> €9,99 </span> €2,50/vnt. Skustuvo galvutės GILLETTE MACH 3, 4 vnt. <span> KARTU REKOMENDUOJAME</span> <span> </span> <span> Intensyviai drėkinanti veido kaukė GREEN FEEL S_ Aš IKONA, 10 ml</span> <span> €1,69 </span> €169,00/l Intensyviai drėkinanti veido kaukė GREEN FEEL S_ Aš IKONA, 10 ml <span> KARTU REKOMENDUOJAME</span> <span> </span> <span> Plaukų šampūnas MARGARITA ECO, 500 ml</span> <span> €4,99 </span> €9,98/l Plaukų šampūnas MARGARITA ECO, 500 ml <span> KARTU REKOMENDUOJAME</span> <span> </span> <span> Arbatmedžio eterinis aliejus, 5 ml</span> <span> €5,00 </span> €1 000,00/l Arbatmedžio eterinis aliejus, 5 ml <span> KARTU REKOMENDUOJAME</span> <span> </span> <span> Dušo želė DOVE PISTACHIO&amp;MAGNOLIA, 500 ml</span> <span> €5,99 </span> €11,98/l Dušo želė DOVE PISTACHIO&amp;MAGNOLIA, 500 ml <span> KARTU REKOMENDUOJAME</span> <span> </span> <span> Pleistrų rinkinys AMED TEXTILE, 20 vnt.</span> <span> €1,19 </span> €0,06/vnt. Pleistrų rinkinys AMED TEXTILE, 20 vnt. <span> KARTU REKOMENDUOJAME</span> <span> </span> <span> Pleistrų rinkinys EUROCARE SENSITIVE, 20 vnt.</span> <span> €2,10 </span> €0,11/vnt. Pleistrų rinkinys EUROCARE SENSITIVE, 20 vnt. <span> KARTU REKOMENDUOJAME</span> <span> </span> <span> Balinamoji jautrių dantų pasta ECODENTA, 100 ml</span> <span> €3,89 </span> €38,90/l Balinamoji jautrių dantų pasta ECODENTA, 100 ml <span> KARTU REKOMENDUOJAME</span> <span> </span> <span> Micelinis vanduo NIVEA jautriai odai, 400 ml</span> <span> €7,99 </span> €19,98/l Micelinis vanduo NIVEA jautriai odai, 400 ml <span> KARTU REKOMENDUOJAME</span> <span> </span> <span> Dušo želė NIVEA HAWAI FLOWER&amp;OIL, 500 ml</span> <span> €4,99 </span> €9,98/l Dušo želė NIVEA HAWAI FLOWER&amp;OIL, 500 ml <span> KARTU REKOMENDUOJAME</span> <span> </span> <span> Burnos skalavimo skystis LISTERINE TOTAL, 500 ml</span> <span> €6,99 </span> €13,98/l Burnos skalavimo skystis LISTERINE TOTAL, 500 ml <span> KARTU REKOMENDUOJAME</span> <span> </span> <span> Lūpų balzamas CARMEX CLICK STICK, 4,25 g</span> <span> €4,79 </span> €1 127,06/kg Lūpų balzamas CARMEX CLICK STICK, 4,25 g <span> KARTU REKOMENDUOJAME</span> <span> </span> <span> Moteriškas rututulinis dezodorantas NIVEA BLACK&amp;WHITE, 50 ml</span> <span> €3,39 </span> €67,80/l Moteriškas rututulinis dezodorantas NIVEA BLACK&amp;WHITE, 50 ml <span> KARTU REKOMENDUOJAME</span> <span> </span> <span> Rankų kremas MARGARITA ECO, 400 ml</span> <span> €5,49 </span> €13,73/l Rankų kremas MARGARITA ECO, 400 ml <span> KARTU REKOMENDUOJAME</span> <span> </span> <span> Vyriškas plaukų šampūnas DOVE MEN CARE 2IN1, 250 ml</span> <span> €3,59 </span> €14,36/l Vyriškas plaukų šampūnas DOVE MEN CARE 2IN1, 250 ml <span> KARTU REKOMENDUOJAME</span> <span> </span> <span> Intensyviai drėkinanti veido kaukė GREEN FEEL S, 10 ml</span> <span> €1,52 </span> €152,00/l Intensyviai drėkinanti veido kaukė GREEN FEEL S, 10 ml <span> KARTU REKOMENDUOJAME</span> <span> </span> <span> Dantų pasta ECODENTA su špinatais, 100 ml</span> <span> €2,69 </span> €26,90/l Dantų pasta ECODENTA su špinatais, 100 ml <span> KARTU REKOMENDUOJAME</span> <span> </span> <span> Eterinių aliejų mišinys KVĖPUOK LAISVAI, 5 ml</span> <span> €7,00 </span> €1 400,00/l Eterinių aliejų mišinys KVĖPUOK LAISVAI, 5 ml <span> KARTU REKOMENDUOJAME</span> <span> </span> <span> Eterinių aliejų mišinys SVEIKATOS ANGELAS, 5 ml</span> <span> €10,00 </span> €2 000,00/l Eterinių aliejų mišinys SVEIKATOS ANGELAS, 5 ml <span> KARTU REKOMENDUOJAME</span> <span> </span> <span> Plaukų šampūnas DOVE REVIVAL, 250 ml</span> <span> €3,59 </span> €14,36/l Plaukų šampūnas DOVE REVIVAL, 250 ml <span> KARTU REKOMENDUOJAME</span> <span> </span> <span> Eterinių aliejų mišinys ŠALIN LIGOS, 5 ml</span> <span> €8,00 </span> €1 600,00/l Eterinių aliejų mišinys ŠALIN LIGOS, 5 ml <span> KARTU REKOMENDUOJAME</span> <span> </span> <span> Dantų pasta HIMALAYA DENTAL CREAM NEEM, 100 g</span> <span> €3,29 </span> €32,90/kg Dantų pasta HIMALAYA DENTAL CREAM NEEM, 100 g <span> KARTU REKOMENDUOJAME</span> <span> </span> <span> Veido kaukė SCHAEBENS su hialuronu, 10 ml</span> <span> €1,85 </span> €185,00/l Veido kaukė SCHAEBENS su hialuronu, 10 ml <span> KARTU REKOMENDUOJAME</span> <span> </span> <span> Higieniniai paketai ORGANYC MODERATE FLOW, 10 vnt.</span> <span> €3,99 </span> €0,40/vnt. Higieniniai paketai ORGANYC MODERATE FLOW, 10 vnt. <span> KARTU REKOMENDUOJAME</span> <span> </span> <span> Dantų pasta COLGATE NATURAL EXTRACTS (ULTIMATE FRESH), 75 ml</span> <span> €3,99 </span> €53,20/l Dantų pasta COLGATE NATURAL EXTRACTS (ULTIMATE FRESH), 75 ml <span> KARTU REKOMENDUOJAME</span> <span> </span> <span> Oro gaiviklis ŠALIN LIGOS, 100 ml</span> <span> €8,00 </span> €80,00/l Oro gaiviklis ŠALIN LIGOS, 100 ml <span> KARTU REKOMENDUOJAME</span> <span> </span> <span> Higieniniai įklotai ORGANYC FOLDED, 24 vnt.</span> <span> €3,99 </span> €0,17/vnt. Higieniniai įklotai ORGANYC FOLDED, 24 vnt. <span> KARTU REKOMENDUOJAME</span> <span> </span> <span> Sausas šampūnas BATISTE FRESH, 200 ml</span> <span> €3,99 </span> €19,95/l Sausas šampūnas BATISTE FRESH, 200 ml <span> KARTU REKOMENDUOJAME</span> <span> </span> <span> Moteriškas pieštukinis dezodorantas DOVE (PEARL&amp;ALOE), 40 ml</span> <span> €3,79 </span> €94,75/l Moteriškas pieštukinis dezodorantas DOVE (PEARL&amp;ALOE), 40 ml <span> KARTU REKOMENDUOJAME</span> <span> </span> <span> Lūpų balzamas CARMEX CHERRY, 10 g</span> <span> €4,79 </span> €479,00/kg Lūpų balzamas CARMEX CHERRY, 10 g <span> KARTU REKOMENDUOJAME</span> <span> </span> <span> Plaukų kondicionierius DOVE REVIVAL, 200 ml</span> <span> €3,59 </span> €17,95/l Plaukų kondicionierius DOVE REVIVAL, 200 ml <span> KARTU REKOMENDUOJAME</span> <span> </span> <span> Levandų eterinis aliejus, 5 ml</span> <span> €7,00 </span> €1 400,00/l Levandų eterinis aliejus, 5 ml <span> KARTU REKOMENDUOJAME</span> <span> </span> <span> Veido kaukė SCHAEBENS nuo spuogų, 10 ml</span> <span> €1,85 </span> €185,00/l Veido kaukė SCHAEBENS nuo spuogų, 10 ml <span> KARTU REKOMENDUOJAME</span> <span> </span> <span> Dušo želė DOVE GLOWING, 250 ml</span> <span> €3,69 </span> €14,76/l Dušo želė DOVE GLOWING, 250 ml <span> KARTU REKOMENDUOJAME</span> <span> </span> <span> Mot.purškiamas dezodorantas NIVEA BLACK&amp;WHITE SILKY SMOOTH, 250 ml</span> <span> €4,59 </span> €18,36/l Mot.purškiamas dezodorantas NIVEA BLACK&amp;WHITE SILKY SMOOTH, 250 ml <span> KARTU REKOMENDUOJAME</span> <span> </span> <span> Sausas šviesių plaukų šampūnas NIVEA, 200 ml</span> <span> €5,39 </span> €26,95/l Sausas šviesių plaukų šampūnas NIVEA, 200 ml <span> KARTU REKOMENDUOJAME</span> <span> </span> <span> Tualetinis muilas WELEDA su medetkomis, 100 g</span> <span> €5,79 </span> €57,90/kg Tualetinis muilas WELEDA su medetkomis, 100 g <span> KARTU REKOMENDUOJAME</span> <span> </span> <span> Drėkinamasis plaukų šampūnas NIVEA, 400 ml</span> <span> €5,99 </span> €14,98/l Drėkinamasis plaukų šampūnas NIVEA, 400 ml <span> KARTU REKOMENDUOJAME</span> <span> </span> <span> Higieniniai įklotai COTTONY FLAT, 24 vnt.</span> <span> €2,79 </span> €0,12/vnt. Higieniniai įklotai COTTONY FLAT, 24 vnt. <span> KARTU REKOMENDUOJAME</span> <span> </span> <span> Moteriškas rutulinis dezodorantas DOVE (PEARL&amp;ALOE), 50 ml</span> <span> €3,79 </span> €75,80/l Moteriškas rutulinis dezodorantas DOVE (PEARL&amp;ALOE), 50 ml <span> KARTU REKOMENDUOJAME</span> <span> </span> <span> Intymios higienos servetėlės ORGANYC, 20 vnt.</span> <span> €3,49 </span> €0,17/vnt. Intymios higienos servetėlės ORGANYC, 20 vnt. <span> KARTU REKOMENDUOJAME</span> <span> </span> <span> Dušo želė DOVE RELAXING, 250 ml</span> <span> €3,69 </span> €14,76/l Dušo želė DOVE RELAXING, 250 ml <span> KARTU REKOMENDUOJAME</span> <span> </span> <span> Skystasis rankų muilas FROSCH su levandų ekstraktu, 500 ml</span> <span> €2,26 </span> €4,52/l Skystasis rankų muilas FROSCH su levandų ekstraktu, 500 ml <span> KARTU REKOMENDUOJAME</span> <span> </span> <span> Moteriškas purškiamasis dezodorantas DOVE INVISIBLE CARE, 150 ml</span> <span> €3,79 </span> €25,27/l Moteriškas purškiamasis dezodorantas DOVE INVISIBLE CARE, 150 ml <span> KARTU REKOMENDUOJAME</span> <span> </span> 1 2 3 4 5 ... Prekės Mano prekės Akcijos Eko ir ūkis Naujienos Receptai
					</div>
					<div><a href="#" class="links">View Full Story</a></div>
				</div>
		
			</div>
			<!-- end #content -->
			<div id="sidebar">
				<ul>
					<li>
						<h2>Aliquam tempus</h2>
						<p>Mauris vitae nisl nec metus placerat perdiet est. Phasellus dapibus semper urna. Pellentesque ornare, orci in consectetuer hendrerit, volutpat.</p>
					</li>
					<li>
						<h2>Pellenteque ornare </h2>
						<img src="img/57608aa3fd00138cda372afa5527b6c1.jpg" width="50%"/>
					<ul>
<li><a href="index.html">MANOritualai.lt - MANO natūrali kosmetika - pagaminta ...</a><br> Meitan kosmetika Specialios kainos. Mūsų parduotuvėje visada rasite geriausias kainas. Peržiūrėkite šiuo metu parduotuvėje paskelbtas akcijas ir įsigykite mūsų produkciją geriausiomis kainomis. Peržiūrėti. Apie mus. MeiTan produktai - tai veiksmingos kosmetinės bei sveikatos profilaktikos priemonės, pagamintos pagal Rytų ...</li>
<li><a href="1.html">Kosmetika</a><br> Kosmetika Kompletní kosmetické ošetření pleti profesionální kosmetikou Essenté podle potřeb klientky. HydroJelly alginátové masky s mořskými řasami a elektrolyty pleť skvěle vyhlazují, odstraňují přebytečný maz, vytahují zbylé nečistoty, stahují póry a pomáhají lépe proniknout všem vyživujícím látkám do pleti.</li>
<li><a href="2.html">Kosmetika - KOSMETIKA.LT</a><br> SOLIDU – tai aplinkai draugiški kietieji šampūnai bei kondicionieriai, pagaminti Lietuvoje. Pasauliui skęstant plastike, turime ieškoti alternatyvų mums gerai pažįstamiems vonios produktams.</li>
<li><a href="3.html">Meitan kosmetika</a><br> Kosmetika ir jos paskirtis ilgą laiką nuolat kito, kaip ir nuomonė apie moteris, kurios naudojo kosmetiką ir dažėsi. Pavyzdžiui, Viduramžiais moterys, kurios dažėsi buvo smerkiamos, o kosmetika tarsi buvo palaido elgesio moterų atributas. XIX a. Anglijoje kosmetiką naudodavo daugiausiai tik prostitutės, o karalienė Viktorija viešai pasmerkė veido dažymą kaip netinkamą ir ...</li>
<li><a href="4.html">Maskshop.lt - Korėjietiška kosmetika internetu</a><br> MANO natūrali kosmetika - tai pažangi natūrali kosmetika pagaminta Lietuvoje, besilaikant nepriekaištingos kokybės standartų kiekviename gamybos žingsnyje!</li>
<li><a href="5.html">Kosmetika ir higiena - BARBORA</a><br> Kosmetika</li>
<li><a href="6.html">Solidu – Solid Cosmetics</a><br> Prekiaujame tik originaliais, žinomų kompanijų, korėjietiškais kosmetikos produktais. Korėjietiška kosmetika giriama visame pasaulyje dėl savo geros sudėties bei pagrindinio tikslo, palaikyti skaisčią, porcelianinę bei jaunatvišką veido odą. Maskshop.lt parduotuvėje rasite didelį korėjietiškų veido kaukių pasirinkimą.</li>
<li><a href="7.html">KOSMETIKA: Tělový, hustý olej (máslo) - Muškátový oříšek ...</a><br> Kūno kremai, losjonai, aliejai Vonios ir dušo kremai, geliai Kvepalai, žvakės Muilas Pėdų ir nagų priežiūra Vonios putos ir druska Kūno serumai ir dulksnos Šveitikliai kūnui Rinkiniai kūnui Savaiminio įdegio priemonės Saulės kosmetika Dezodorantai Sausai kūno odai Dezinfekantai Visi produktai</li>
<li><a href="8.html">Kosmetika, kvepalai, dekoratyvinė kosmetika, profesionali ...</a><br> „The Organic Pharmacy“ gimė iš noro sukurti geresnį grožį Pirmoji parduotuvė atidaryta 2002 metais Londono Kings gatvėje. Pagrindinis tikslas, – kurti 360 laipsnių grožį, tai yra rūpintis visapusiškai tiek išoriniu, tiek ir vidiniu grožiu, todėl The Organic Pharmacy savo asortimente turi ne tik veido ir kūno kosmetikos produktus, bet ir maisto papildus.</li>
<li><a href="9.html">Newcrush | Kosmetika | Maisto Papildai</a><br> Tělový, hustý olej (máslo) - Muškátový oříšek, Výživa, Lázně Agafii 300ml KOSMETIKA Pro výživu a intenzivní obnovu suché a unavené pokožky, na ochranu a omlazení pleti.</li>
</ul>
					</li>
					<li>
						<h2>Category</h2>
<ul>
<li><a href="index.html">MANOritualai.lt - MANO natūrali kosmetika - pagaminta ...</a></li>
<li><a href="1.html">Kosmetika</a><br></li>
<li><a href="2.html">Kosmetika - KOSMETIKA.LT</a><br></li>
<li><a href="3.html">Meitan kosmetika</a><br></li>
<li><a href="4.html">Maskshop.lt - Korėjietiška kosmetika internetu</a><br></li>
<li><a href="5.html">Kosmetika ir higiena - BARBORA</a><br></li>
<li><a href="6.html">Solidu – Solid Cosmetics</a><br></li>
<li><a href="7.html">KOSMETIKA: Tělový, hustý olej (máslo) - Muškátový oříšek ...</a><br></li>
<li><a href="8.html">Kosmetika, kvepalai, dekoratyvinė kosmetika, profesionali ...</a><br></li>
<li><a href="9.html">Newcrush | Kosmetika | Maisto Papildai</a><br></li>
</ul>
					</li>
				</ul>
			</div>
			<!-- end #sidebar -->
			<div style="clear: both;">&nbsp;</div>
		</div>
		<!-- end #page -->
	</div>
</div>
<div id="footer-bgcontent">
	<div id="footer">
		<p>Copyright (c) 2008 Sitename.com. All rights reserved. Design by Free CSS Templates.</p>
		<p></p>
	</div>
	<!-- end #footer -->
</div>
</body>
</html>
